@misc{angulo,
    author = "{Varios autores}",
    title = "ángulo de rotación",
    year = "2018",
    howpublished = {\url{https://es.wikipedia.org/wiki/\%C3\%81ngulo_de_rotaci\%C3\%B3n}},
  }

  @misc{newton,
    author = "{Varios autores}",
    title = "Leyes de newton",
    year = "2018",
    howpublished = {\url{https://es.wikipedia.org/wiki/Leyes_de_Newton}},}


@book{fundamentos,
  title={Fundamentos de Física},
  author={Raymond A. Serway},
  year={2012},
  publisher={Cengage Learning}
}